@misc{minutephysics,
  author       = {Henry Reich}, 
  title        = {How Quantum Computers Break Encryption | Shor's Algorithm Explained},
  howpublished = {{\url{https://www.youtube.com/watch?v=lvTqbM5Dq4Q}}},
  year		   = {2019}
}

@misc{blochsphere,
  author       = {Smite Meister}, 
  title        = {Bloch Sphere},
  howpublished = {{\url{https://en.wikipedia.org/wiki/File:Bloch_sphere.svg}}},
  year		   = {2009}
}

@misc{qiskitu,
  author       = {IBM}, 
  title        = {Advanced Single-Qubit Gates},
  howpublished = {{\url{https://quantumexperience.ng.bluemix.net/proxy/tutorial/full-user-guide/002-The_Weird_and_Wonderful_World_of_the_Qubit/004-advanced_qubit_gates.html}}},
  year		   = {nd}
}

@misc{qiskitt,
  author       = {IBM}, 
  title        = {Introducing Qubit Phase},
  howpublished = {{\url{https://quantumexperience.ng.bluemix.net/proxy/tutorial/full-user-guide/002-The_Weird_and_Wonderful_World_of_the_Qubit/003-Introducing_qubit_phase.html}}},
  year		   = {nd}
}